@ARTICLE{ward2008dynamic,
  AUTHOR = {Ward, Chris C and Iagnemma, Karl},
  PUBLISHER = {IEEE},
  YEAR = {2008},
  JOURNAL = {IEEE Transactions on Robotics},
  NUMBER = {4},
  PAGES = {821--831},
  TITLE = {A dynamic-model-based wheel slip detector for mobile robots on outdoor terrain},
  VOLUME = {24},
}

@INPROCEEDINGS{chocholek1988development,
  AUTHOR = {Chocholek, SE},
  BOOKTITLE = {Traction Control and Anti Wheel Spin Systems for Road Vehicles, International Conference, 1988, London, United Kingdom},
  YEAR = {1988},
  TITLE = {The development of a differential for the improvement of traction control},
}

